<record><leader>00000cas a22000007a 4500</leader><controlfield tag="001">11925941</controlfield><controlfield tag="008">850416d18851892utuwr ne      0    0swe d</controlfield><datafield ind1=" " ind2=" " tag="010"><subfield code="a">sn 85058102 </subfield></datafield><datafield ind1=" " ind2=" " tag="040"><subfield code="a">UNP</subfield><subfield code="b">eng</subfield><subfield code="c">UNP</subfield><subfield code="d">OCLCQ</subfield></datafield><datafield ind1=" " ind2=" " tag="042"><subfield code="a">msc</subfield></datafield><datafield ind1="0" ind2=" " tag="130"><subfield code="a">Svenska ha&#776;rolden (Salt Lake City, Utah)</subfield></datafield><datafield ind1="1" ind2="0" tag="245"><subfield code="a">Svenska ha&#776;rolden.</subfield></datafield><datafield ind1="1" ind2="3" tag="246"><subfield code="a">Swedish herald</subfield></datafield><datafield ind1=" " ind2=" " tag="260"><subfield code="a">Salt Lake City, Utah :</subfield><subfield code="b">Swedish Pub. Co.,</subfield><subfield code="c">1885-</subfield></datafield><datafield ind1=" " ind2=" " tag="300"><subfield code="a">v. :</subfield><subfield code="b">ill.</subfield></datafield><datafield ind1=" " ind2=" " tag="310"><subfield code="a">Weekly</subfield></datafield><datafield ind1="0" ind2=" " tag="362"><subfield code="a">1:sta a&#778;rg., n:o. 1 (juni 4, 1885)-</subfield></datafield><datafield ind1="1" ind2=" " tag="362"><subfield code="a">Ceased in 1892.</subfield><subfield code="z">Cf. Alter, J.C. Early Utah journalism.</subfield></datafield><datafield ind1=" " ind2=" " tag="752"><subfield code="a">United States</subfield><subfield code="b">Utah</subfield><subfield code="c">Salt Lake</subfield><subfield code="d">Salt Lake City.</subfield></datafield></record>